@book{toro,
  title={Riemann solvers and numerical methods for fluid dynamics: a practical
introduction},
  author={Toro, Eleuterio F},
  year={2013},
  publisher={Springer Science \& Business Media}
}

@book{leveque,
  title={Finite volume methods for hyperbolic problems},
  author={LeVeque, Randall J},
  volume={31},
  year={2002},
  publisher={Cambridge university press}
}

@article{lippuner:21,
  title={Ethon: A software framework for hydrodynamics simulations with block-based AMR on parallel computing architectures},
  author={Lippuner, J},
  year={2021},
  journal={(in preparation)}
}
